<?xml version="1.0" encoding="UTF-8"?>
<record xmlns="http://www.loc.gov/MARC21/slim" xmlns:xsi="http://www.w3.org/2001/XMLSchema-instance" xsi:schemaLocation="http://www.loc.gov/MARC21/slim http://www.loc.gov/standards/marcxml/schema/MARC21slim.xsd">
<leader>     nam a22003011  4500</leader>
<controlfield tag="001">001682180</controlfield>
<controlfield tag="003">NNU</controlfield>
<controlfield tag="005">19990125125504.0</controlfield>
<controlfield tag="008">890104s1882    ua            000 0 arar</controlfield>
<datafield tag="035" ind1="9" ind2=" ">
<subfield code="a">NYUb12225590</subfield>
</datafield>
<datafield tag="035" ind1=" " ind2=" ">
<subfield code="a">(CU)GLAD33853042</subfield>
</datafield>
<datafield tag="035" ind1=" " ind2=" ">
<subfield code="a">(CStRLIN)CUBGGLAD33853042-B</subfield>
</datafield>
<datafield tag="040" ind1=" " ind2=" ">
<subfield code="a">MdBJ-W</subfield>
<subfield code="c">MdBJ-W</subfield>
<subfield code="d">CU</subfield>
</datafield>
<datafield tag="100" ind1="1" ind2=" ">
<subfield code="a">Ibn Abī Uṣaybiʻah, Aḥmad ibn al-Qāsim,</subfield>
<subfield code="d">d. 1269 or 70.</subfield>
</datafield>
<datafield tag="245" ind1="1" ind2="0">
<subfield code="a">Kitāb ʻuyūn al-anbāʼ fī ṭabaqāt al-aṭibbāʼ,</subfield>
<subfield code="c">taʼlīf Muwaffaq al-Dīn Abī al-ʻAbbās Aḥmad ibn al-Qāsim ibn Khalīfah ibn Yūnus al-Saʻdī al-Khazrajī al-maʻrūf bi-Ibn Abī Uṣaybiʻah. Naqalahu min al-nusakh al-mawjūdah fī baʻḍ khazāʼin al-kutub wa-ṣaḥḥaḥahu Imruʼ al-Qays ibn al-Ṭaḥḥān [ism muntaḥal].</subfield>
</datafield>
<datafield tag="250" ind1=" " ind2=" ">
<subfield code="a">al-Ṭabʻah 1.</subfield>
</datafield>
<datafield tag="260" ind1=" " ind2=" ">
<subfield code="a">[Miṣr]</subfield>
<subfield code="b">al-Maṭbaʻah al-Wahbīyah,</subfield>
<subfield code="c">1299/1882.</subfield>
</datafield>
<datafield tag="300" ind1=" " ind2=" ">
<subfield code="a">2 v. in 1</subfield>
<subfield code="c">24 cm.</subfield>
</datafield>
<datafield tag="500" ind1=" " ind2=" ">
<subfield code="a">Colophon of v. 2 dated 1300 A.H. [1883 A.D.]</subfield>
</datafield>
<datafield tag="500" ind1=" " ind2=" ">
<subfield code="a">Comprises the Arabic text and index of the critical edition published in Königsberg in 1884.</subfield>
</datafield>
<datafield tag="546" ind1=" " ind2=" ">
<subfield code="a">Added t.p. in German.</subfield>
</datafield>
<datafield tag="650" ind1=" " ind2="0">
<subfield code="a">Physicians, Arab.</subfield>
</datafield>
<datafield tag="650" ind1=" " ind2="0">
<subfield code="a">Medicine</subfield>
<subfield code="x">History.</subfield>
</datafield>
<datafield tag="650" ind1=" " ind2="0">
<subfield code="a">Medicine, Arab.</subfield>
</datafield>
<datafield tag="700" ind1="1" ind2=" ">
<subfield code="a">Müller, August,</subfield>
<subfield code="d">1848-1892.</subfield>
</datafield>
<datafield tag="740" ind1="0" ind2=" ">
<subfield code="a">ʻUyūn al-anbāʼ fī ṭabaqāt al-aṭibbāʼ.</subfield>
</datafield>
<datafield tag="OWN" ind1=" " ind2=" ">
<subfield code="a">GENERAL</subfield>
</datafield>
<datafield tag="950" ind1=" " ind2=" ">
<subfield code="l">BMAIN</subfield>
<subfield code="a">R144.A1</subfield>
<subfield code="b">I3</subfield>
</datafield>
<datafield tag="955" ind1=" " ind2=" ">
<subfield code="l">BMAIN</subfield>
<subfield code="c">1:v.1/2</subfield>
<subfield code="r">010711425</subfield>
</datafield>
<datafield tag="998" ind1=" " ind2=" ">
<subfield code="s">9125</subfield>
</datafield>
<datafield tag="AVA" ind1=" " ind2=" ">
<subfield code="a">NYU50</subfield>
<subfield code="b">BOBST</subfield>
<subfield code="c">Main Collection</subfield>
<subfield code="d">R144.A1 I3</subfield>
<subfield code="e">unavailable</subfield>
<subfield code="t">Unavailable</subfield>
<subfield code="f">1</subfield>
<subfield code="g">1</subfield>
<subfield code="h">Y</subfield>
<subfield code="i">1</subfield>
<subfield code="j">MAIN</subfield>
<subfield code="k">0</subfield>
</datafield>
</record>
